<?xml version="1.0" encoding="UTF-8"?>
  <record xmlns="http://www.loc.gov/MARC21/slim" type="Authority">
    <leader>00000nz  a2200000nc 4500</leader>
    <controlfield tag="001">115880798</controlfield>
    <controlfield tag="003">DE-101</controlfield>
    <controlfield tag="005">20181010072305.0</controlfield>
    <controlfield tag="008">971121n||azznnaabn           | aaa    |c</controlfield>
    <datafield tag="024" ind1="7" ind2=" ">
      <subfield code="a">115880798</subfield>
      <subfield code="0">http://d-nb.info/gnd/115880798</subfield>
      <subfield code="2">gnd</subfield>
    </datafield>
    <datafield tag="035" ind1=" " ind2=" ">
      <subfield code="a">(DE-101)115880798</subfield>
    </datafield>
    <datafield tag="035" ind1=" " ind2=" ">
      <subfield code="a">(DE-588)115880798</subfield>
    </datafield>
    <datafield tag="035" ind1=" " ind2=" ">
      <subfield code="z">(DE-588)173681328</subfield>
    </datafield>
    <datafield tag="035" ind1=" " ind2=" ">
      <subfield code="z">(DE-588a)173681328</subfield>
      <subfield code="9">v:zg</subfield>
    </datafield>
    <datafield tag="035" ind1=" " ind2=" ">
      <subfield code="z">(DE-588a)115880798</subfield>
      <subfield code="9">v:zg</subfield>
    </datafield>
    <datafield tag="040" ind1=" " ind2=" ">
      <subfield code="a">DE-12</subfield>
      <subfield code="c">DE-12</subfield>
      <subfield code="9">r:DE-12</subfield>
      <subfield code="b">ger</subfield>
      <subfield code="d">8999</subfield>
    </datafield>
    <datafield tag="042" ind1=" " ind2=" ">
      <subfield code="a">gnd1</subfield>
    </datafield>
    <datafield tag="043" ind1=" " ind2=" ">
      <subfield code="c">XA-AT</subfield>
    </datafield>
    <datafield tag="065" ind1=" " ind2=" ">
      <subfield code="a">3.6p</subfield>
      <subfield code="2">sswd</subfield>
    </datafield>
    <datafield tag="075" ind1=" " ind2=" ">
      <subfield code="b">p</subfield>
      <subfield code="2">gndgen</subfield>
    </datafield>
    <datafield tag="075" ind1=" " ind2=" ">
      <subfield code="b">piz</subfield>
      <subfield code="2">gndspec</subfield>
    </datafield>
    <datafield tag="079" ind1=" " ind2=" ">
      <subfield code="a">g</subfield>
      <subfield code="q">a</subfield>
      <subfield code="q">f</subfield>
      <subfield code="q">l</subfield>
      <subfield code="q">s</subfield>
    </datafield>
    <datafield tag="100" ind1="1" ind2=" ">
      <subfield code="a">Waldstein, Johann Friedrich &#152;von&#156;</subfield>
      <subfield code="d">1644-1694</subfield>
    </datafield>
    <datafield tag="375" ind1=" " ind2=" ">
      <subfield code="a">1</subfield>
      <subfield code="2">iso5218</subfield>
    </datafield>
    <datafield tag="400" ind1="0" ind2=" ">
      <subfield code="a">Johann Friedrich</subfield>
      <subfield code="c">Prag, Erzbischof</subfield>
      <subfield code="d">1644-1694</subfield>
    </datafield>
    <datafield tag="400" ind1="0" ind2=" ">
      <subfield code="a">Johannes Friedrich</subfield>
      <subfield code="c">Prag, Erzbischof</subfield>
      <subfield code="d">1644-1694</subfield>
    </datafield>
    <datafield tag="400" ind1="0" ind2=" ">
      <subfield code="a">Johannes Fridericus</subfield>
      <subfield code="c">Prag, Erzbischof</subfield>
      <subfield code="d">1644-1694</subfield>
    </datafield>
    <datafield tag="400" ind1="0" ind2=" ">
      <subfield code="a">Joannes Fridericus</subfield>
      <subfield code="c">Prag, Erzbischof</subfield>
      <subfield code="d">1644-1694</subfield>
    </datafield>
    <datafield tag="400" ind1="0" ind2=" ">
      <subfield code="a">Johann Friedrich</subfield>
      <subfield code="c">Königgrätz, Bischof</subfield>
      <subfield code="d">1644-1694</subfield>
    </datafield>
    <datafield tag="400" ind1="0" ind2=" ">
      <subfield code="a">Johannes Friedrich</subfield>
      <subfield code="c">Königgrätz, Bischof</subfield>
      <subfield code="d">1644-1694</subfield>
    </datafield>
    <datafield tag="400" ind1="1" ind2=" ">
      <subfield code="a">Waldstein, Johann Friedrich</subfield>
      <subfield code="d">1644-1694</subfield>
      <subfield code="9">v:BN in den LCAuth</subfield>
    </datafield>
    <datafield tag="400" ind1="1" ind2=" ">
      <subfield code="a">Waldstein, Johannes Friedrich &#152;von&#156;</subfield>
      <subfield code="d">1644-1694</subfield>
    </datafield>
    <datafield tag="400" ind1="1" ind2=" ">
      <subfield code="a">Waldstein, Johannes Fridericus &#152;de&#156;</subfield>
      <subfield code="d">1644-1694</subfield>
    </datafield>
    <datafield tag="400" ind1="1" ind2=" ">
      <subfield code="a">Valdštejna, Jan Bedřich &#152;z&#156;</subfield>
      <subfield code="d">1644-1694</subfield>
    </datafield>
    <datafield tag="400" ind1="1" ind2=" ">
      <subfield code="a">Valdštejn, Jan Bedřich</subfield>
      <subfield code="d">1644-1694</subfield>
    </datafield>
    <datafield tag="400" ind1="1" ind2=" ">
      <subfield code="a">Valdštejna, Jan Fridrich &#152;z&#156;</subfield>
      <subfield code="d">1644-1694</subfield>
    </datafield>
    <datafield tag="400" ind1="1" ind2=" ">
      <subfield code="a">Waldstein, Ioannes Fridericus &#152;a&#156;</subfield>
      <subfield code="d">1644-1694</subfield>
    </datafield>
    <datafield tag="400" ind1="1" ind2=" ">
      <subfield code="a">Wallenstein, Johann Friedrich &#152;von&#156;</subfield>
      <subfield code="d">1644-1694</subfield>
    </datafield>
    <datafield tag="400" ind1="1" ind2=" ">
      <subfield code="a">Waldtstein, Johann Friedrich &#152;von&#156;</subfield>
      <subfield code="d">1644-1694</subfield>
    </datafield>
    <datafield tag="548" ind1=" " ind2=" ">
      <subfield code="a">1644-1694</subfield>
      <subfield code="4">datl</subfield>
      <subfield code="4">https://d-nb.info/standards/elementset/gnd#dateOfBirthAndDeath</subfield>
      <subfield code="w">r</subfield>
      <subfield code="i">Lebensdaten</subfield>
      <subfield code="9">v:anderslautend. Geburtsjahr: 1642</subfield>
    </datafield>
    <datafield tag="548" ind1=" " ind2=" ">
      <subfield code="a">18.08.1644-03.06.1694</subfield>
      <subfield code="4">datx</subfield>
      <subfield code="4">https://d-nb.info/standards/elementset/gnd#dateOfBirthAndDeath</subfield>
      <subfield code="w">r</subfield>
      <subfield code="i">Exakte Lebensdaten</subfield>
    </datafield>
    <datafield tag="550" ind1=" " ind2=" ">
      <subfield code="a">Graf</subfield>
      <subfield code="4">adel</subfield>
      <subfield code="4">https://d-nb.info/standards/elementset/gnd#titleOfNobility</subfield>
      <subfield code="w">r</subfield>
      <subfield code="i">Adelstitel</subfield>
    </datafield>
    <datafield tag="551" ind1=" " ind2=" ">
      <subfield code="0">(DE-101)040660095</subfield>
      <subfield code="0">(DE-588)4066009-6</subfield>
      <subfield code="0">https://d-nb.info/gnd/4066009-6</subfield>
      <subfield code="a">Wien</subfield>
      <subfield code="4">ortg</subfield>
      <subfield code="4">https://d-nb.info/standards/elementset/gnd#placeOfBirth</subfield>
      <subfield code="w">r</subfield>
      <subfield code="i">Geburtsort</subfield>
    </datafield>
    <datafield tag="667" ind1=" " ind2=" ">
      <subfield code="a">MMi</subfield>
    </datafield>
    <datafield tag="667" ind1=" " ind2=" ">
      <subfield code="a">VD-17</subfield>
    </datafield>
    <datafield tag="670" ind1=" " ind2=" ">
      <subfield code="a">NDB/ADB-online</subfield>
    </datafield>
    <datafield tag="670" ind1=" " ind2=" ">
      <subfield code="a">LCAuth</subfield>
    </datafield>
    <datafield tag="670" ind1=" " ind2=" ">
      <subfield code="a">WBIS</subfield>
    </datafield>
    <datafield tag="672" ind1=" " ind2="0">
      <subfield code="a">Becker, Tobias Johann: Bittere Todes-Gedächtnuß ... - 1694</subfield>
    </datafield>
    <datafield tag="678" ind1=" " ind2=" ">
      <subfield code="b">Bischof von Königgrätz; Erzbischof von Prag</subfield>
    </datafield>
    <datafield tag="913" ind1=" " ind2=" ">
      <subfield code="S">pnd</subfield>
      <subfield code="i">5</subfield>
      <subfield code="a">Johann Friedrich &lt;Prag, Erzbischof&gt;</subfield>
      <subfield code="0">(DE-588a)115880798</subfield>
    </datafield>
    <datafield tag="913" ind1=" " ind2=" ">
      <subfield code="S">pnd</subfield>
      <subfield code="i">a</subfield>
      <subfield code="a">Waldstein, Johann Friedrich /von</subfield>
      <subfield code="0">(DE-588a)173681328</subfield>
    </datafield>
  </record>
